% This file was created with JabRef 2.9.2.
% Encoding: Cp1252

@BOOK{AdvProgramming,
  title = {Advanced Programming in the UNIX Environment, 3rd Edition},
  publisher = {Pearson Education, Inc.},
  year = {2010},
  author = {W. Richard Stevens; Stephen A.Rago},
  date-added = {2014-05-15 11:28:02 +0000},
  date-modified = {2014-05-15 11:28:51 +0000}
}

@BOOK{CGrundlagen,
  title = {C/C++ - Von den Grundlagen zur professionellen Programmierung},
  publisher = {Galileo Computing},
  year = {2000},
  author = {Ulrich Kaiser},
  date-added = {2014-05-25 11:28:02 +0000},
  date-modified = {2014-05-15 11:28:51 +0000}
}

@BOOK{GrundkursC,
  title = {Grundkurs C},
  publisher = {Galileo Computing},
  year = {2010},
  author = {Jürgen Wolf},
  date-added = {2014-05-15 11:28:02 +0000},
  date-modified = {2014-05-15 11:28:51 +0000}
}

@OTHER{githubdozent,
  date-added = {2014-06-14 12:00:00 +0000},
  date-modified = {2014-06-14 18:45:04 +0000},
  howpublished = {\url{https://github.com/bk1/sysprogramming-examples}},
  lastchecked = {2014-06-15},
  month = {june},
  title = {Github Repository - Dozent Systemsoftware - Karl Brodowsky},
  year = {2014}
}

